@ARTICLE{WiFo45,
   author = {{Fomin}, S. and {Williams}, L. and {Zelevinsky}, A.},
    title = "{Introduction to Cluster Algebras. Chapters 4-5}",
  journal = {ArXiv e-prints},
archivePrefix = "arXiv",
   eprint = {1707.07190},
 primaryClass = "math.CO",
 keywords = {Mathematics - Combinatorics, Mathematics - Rings and Algebras, Mathematics - Representation Theory, 13F60},
     year = 2017,
    month = jul,
   adsurl = {http://adsabs.harvard.edu/abs/2017arXiv170707190F},
  adsnote = {Provided by the SAO/NASA Astrophysics Data System}
}
@ARTICLE{WiFo13,
	author = {{Fomin}, S. and {Williams}, L. and {Zelevinsky}, A.},
	title = "{Introduction to Cluster Algebras. Chapters 1-3}",
	journal = {ArXiv e-prints},
	archivePrefix = "arXiv",
	eprint = {1608.05735},
	primaryClass = "math.CO",
	keywords = {Mathematics - Combinatorics, Mathematics - Rings and Algebras, Mathematics - Representation Theory, 13F60},
	year = 2016,
	month = aug,
	adsurl = {http://adsabs.harvard.edu/abs/2016arXiv160805735F},
	adsnote = {Provided by the SAO/NASA Astrophysics Data System}
}
@article {WiSp05,
	AUTHOR = {Speyer, David and Williams, Lauren},
	TITLE = {The tropical totally positive {G}rassmannian},
	JOURNAL = {J. Algebraic Combin.},
	FJOURNAL = {Journal of Algebraic Combinatorics. An International Journal},
	VOLUME = {22},
	YEAR = {2005},
	NUMBER = {2},
	PAGES = {189--210},
	ISSN = {0925-9899},
	MRCLASS = {14P99 (05E25 14M15)},
	MRNUMBER = {2164397},
	MRREVIEWER = {Meirav Topol-Amram},
	DOI = {10.1007/s10801-005-2513-3},
	URL = {http://dx.doi.org/10.1007/s10801-005-2513-3},
}
@article {BCL16,
	AUTHOR = {Brodsky, Sarah B. and Ceballos, Cesar and Labb\'e,
	Jean-Philippe},
	TITLE = {Cluster algebras of type {$D_4$}, tropical planes, and the
	positive tropical {G}rassmannian},
	JOURNAL = {Beitr. Algebra Geom.},
	FJOURNAL = {Beitr\"age zur Algebra und Geometrie. Contributions to Algebra
	and Geometry},
	VOLUME = {58},
	YEAR = {2017},
	NUMBER = {1},
	PAGES = {25--46},
	ISSN = {0138-4821},
	MRCLASS = {13F60 (14N10 14T05)},
	MRNUMBER = {3607668},
	MRREVIEWER = {Jianrong Li},
	DOI = {10.1007/s13366-016-0316-4},
	URL = {http://dx.doi.org/10.1007/s13366-016-0316-4},
}
@book {MaSt15,
	AUTHOR = {Maclagan, Diane and Sturmfels, Bernd},
	TITLE = {Introduction to tropical geometry},
	SERIES = {Graduate Studies in Mathematics},
	VOLUME = {161},
	PUBLISHER = {American Mathematical Society, Providence, RI},
	YEAR = {2015},
	PAGES = {xii+363},
	ISBN = {978-0-8218-5198-2}}

@unpublished{khat,
	Author = {Hatcher, Allen},
	Note = {avaible at \url{http://www.math.cornell.edu/~hatcher/VBKT/VB.pdf}},
	Year = {2009},
	Title = {Vector Bundles and K-theory}}
@book {harris,
	AUTHOR = {Harris, Joe},
	TITLE = {Algebraic geometry},
	SERIES = {Graduate Texts in Mathematics},
	VOLUME = {133},
	NOTE = {A first course,
	Corrected reprint of the 1992 original},
	PUBLISHER = {Springer-Verlag, New York},
	YEAR = {1995},
	PAGES = {xx+328},
	ISBN = {0-387-97716-3}}
@article{SpSt04,
	title = "The tropical Grassmannian",
	abstract = "In tropical algebraic geometry, the solution sets of polynomial equations are piecewise-linear. We introduce the tropical variety of a polynomial ideal, and we identify it with a polyhedral subcomplex of the Gröbner fan. The tropical Grassmannian arises in this manner from the ideal of quadratic Plücker relations. It parametrizes all tropical linear spaces. Lines in tropical projective space are trees, and their tropical Grassmannian G2, n, n equals the space of phylogenetic trees studied by Billera, Holmes and Vogtmann. Higher Grassmannians offer a natural generalization of the space of trees. Their faces correspond to monomial-free initial ideals of the Plücker ideal. The tropical Grassmannian G3, 6 is a simplicial complex glued from 1035 tetrahedra.",
	author = "David Speyer and Bernd Sturmfels",
	year = "2004",
	volume = "4",
	pages = "389--411",
	journal = "Advances in Geometry",
	issn = "1615-715X",
	publisher = "Walter de Gruyter GmbH & Co. KG",
	number = "3",
}

@book {stan,
	AUTHOR = {Stanley, Richard P.},
	TITLE = {Enumerative combinatorics. {V}ol. 2},
	SERIES = {Cambridge Studies in Advanced Mathematics},
	VOLUME = {62},

	PUBLISHER = {Cambridge University Press, Cambridge},
	YEAR = {1999},
	PAGES = {xii+581},
	ISBN = {0-521-56069-1; 0-521-78987-7}}
@ARTICLE{postnikov2006total,
	author = {{Postnikov}, A.},
	title = "{Total positivity, Grassmannians, and networks}",
	journal = {ArXiv Mathematics e-prints},
	eprint = {math/0609764},
	keywords = {Mathematics - Combinatorics, Mathematics - Representation Theory},
	year = 2006,
	month = sep,
archivePrefix = "arXiv",
}
@article {wicl,
	AUTHOR = {Williams, Lauren K.},
	TITLE = {Cluster algebras: an introduction},
	JOURNAL = {Bull. Amer. Math. Soc. (N.S.)},
	FJOURNAL = {American Mathematical Society. Bulletin. New Series},
	VOLUME = {51},
	YEAR = {2014},
	NUMBER = {1},
	PAGES = {1--26},
	ISSN = {0273-0979},
	MRCLASS = {13F60 (05E45 30F60 82B23)},
	MRNUMBER = {3119820},
	MRREVIEWER = {Li Li},
	URL = {https://doi-org.ezp3.lib.umn.edu/10.1090/S0273-0979-2013-01417-4},
}
@incollection {MR3204265,
	AUTHOR = {Maclagan, Diane},
	TITLE = {Polyhedral structures on tropical varieties},
	BOOKTITLE = {Tropical and non-{A}rchimedean geometry},
	SERIES = {Contemp. Math.},
	VOLUME = {605},
	PAGES = {1--13},
	PUBLISHER = {Amer. Math. Soc., Providence, RI},
	YEAR = {2013},
	MRCLASS = {14T05 (13P10 52B20 52B70)},
	MRNUMBER = {3204265},
	MRREVIEWER = {Luis Felipe Tabera},
	URL = {https://doi-org.ezp3.lib.umn.edu/10.1090/conm/605/12109},
}
@article {cl4,
	AUTHOR = {Fomin, Sergey and Zelevinsky, Andrei},
	TITLE = {Cluster algebras. {IV}. {C}oefficients},
	JOURNAL = {Compos. Math.},
	FJOURNAL = {Compositio Mathematica},
	VOLUME = {143},
	YEAR = {2007},
	NUMBER = {1},
	PAGES = {112--164},
	ISSN = {0010-437X},
	MRCLASS = {16S99 (05E15 14M17 22E46)},
	MRNUMBER = {2295199},
	MRREVIEWER = {Christof Gei\ss },
	URL = {https://doi-org.ezp3.lib.umn.edu/10.1112/S0010437X06002521},
}

@article {cl3,
	AUTHOR = {Berenstein, Arkady and Fomin, Sergey and Zelevinsky, Andrei},
	TITLE = {Cluster algebras. {III}. {U}pper bounds and double {B}ruhat
	cells},
	JOURNAL = {Duke Math. J.},
	FJOURNAL = {Duke Mathematical Journal},
	VOLUME = {126},
	YEAR = {2005},
	NUMBER = {1},
	PAGES = {1--52},
	ISSN = {0012-7094},
	MRCLASS = {16S99 (05E15 14M17 22E46)},
	MRNUMBER = {2110627},
	URL = {https://doi-org.ezp3.lib.umn.edu/10.1215/S0012-7094-04-12611-9},
}

@article {cl2,
	AUTHOR = {Fomin, Sergey and Zelevinsky, Andrei},
	TITLE = {Cluster algebras. {II}. {F}inite type classification},
	JOURNAL = {Invent. Math.},
	FJOURNAL = {Inventiones Mathematicae},
	VOLUME = {154},
	YEAR = {2003},
	NUMBER = {1},
	PAGES = {63--121},
	ISSN = {0020-9910},
	MRCLASS = {17B20 (05E15 16S99 52B12)},
	MRNUMBER = {2004457},
	MRREVIEWER = {Eric N. Sommers},
	URL = {https://doi-org.ezp3.lib.umn.edu/10.1007/s00222-003-0302-y},
}

@article {cl1,
	AUTHOR = {Fomin, Sergey and Zelevinsky, Andrei},
	TITLE = {Cluster algebras. {I}. {F}oundations},
	JOURNAL = {J. Amer. Math. Soc.},
	FJOURNAL = {Journal of the American Mathematical Society},
	VOLUME = {15},
	YEAR = {2002},
	NUMBER = {2},
	PAGES = {497--529},
	ISSN = {0894-0347},
	MRCLASS = {16S99 (14M99 17B99)},
	MRNUMBER = {1887642},
	MRREVIEWER = {Eric N. Sommers},
	URL = {https://doi-org.ezp3.lib.umn.edu/10.1090/S0894-0347-01-00385-X},
}
@Misc{gfan,
	author = {Jensen, Anders N.},
	title = {{G}fan, a software system for {G}r{\"o}bner fans and tropical varieties},
	howpublished = {Available at \url{http://home.imf.au.dk/jensen/software/gfan/gfan.html}}
} 
@incollection{polymake,
	AUTHOR = {Gawrilow, Ewgenij and Joswig, Michael},
	TITLE = {{\tt polymake}: a framework for analyzing convex polytopes},
	BOOKTITLE = {Polytopes---combinatorics and computation ({O}berwolfach, 1997)},
	SERIES = {DMV Sem.},
	VOLUME = {29},
	PAGES = {43--73},
	PUBLISHER = {Birkh\"auser, Basel},
	YEAR = {2000},
	MRCLASS = {52B55 (68U05)},
	MRNUMBER = {1785292},
}          
@Misc{M2,
	author = {Grayson, Daniel R. and Stillman, Michael E.},
	title = {Macaulay2, a software system for research in algebraic geometry},
	howpublished = {Available at \url{https://faculty.math.illinois.edu/Macaulay2/}}
}
@Misc{oeis,
	author ={Sloane, {N}.~{J}.~{A}. },
title = {The On-Line Encyclopedia of Integer Sequences},
howpublished = {available at \url{https://oeis.org/}},
note ={Sequence A033282}}