@book {St96,
	AUTHOR = {Sturmfels, Bernd},
	TITLE = {Gr\"obner bases and convex polytopes},
	SERIES = {University Lecture Series},
	VOLUME = {8},
	PUBLISHER = {American Mathematical Society, Providence, RI},
	YEAR = {1996},
	PAGES = {xii+162},
	ISBN = {0-8218-0487-1},
	MRCLASS = {13P10 (14M25 52B20)},
	MRNUMBER = {1363949},
	MRREVIEWER = {P. Schenzel},
}
@book {St02,
AUTHOR = {Sturmfels, Bernd},
TITLE = {Solving systems of polynomial equations},
SERIES = {CBMS Regional Conference Series in Mathematics},
VOLUME = {97},
PUBLISHER = {American Mathematical
	Society, Providence, RI},
YEAR = {2002},
PAGES = {viii+152},
ISBN = {0-8218-3251-4}
}@article {He09,
AUTHOR = {Herrmann, Sven and Jensen, Anders and Joswig, Michael and
	Sturmfels, Bernd},
TITLE = {How to draw tropical planes},
JOURNAL = {Electron. J. Combin.},
FJOURNAL = {Electronic Journal of Combinatorics},
VOLUME = {16},
YEAR = {2009},
NUMBER = {2, Special volume in honor of Anders Bj\"orner},
PAGES = {Research Paper 6, 26},
ISSN = {1077-8926},
MRCLASS = {52B40 (05C62 14T05)},
MRNUMBER = {2515769},
MRREVIEWER = {Joaquim Ro\'e},
URL = {http://www.combinatorics.org/Volume_16/Abstracts/v16i2r6.html},
}
@misc{polytrop,
	Author = {Simon Hampe and Michael Joswig},
	Title = {Tropical Computations in polymake},
	Year = {2016},
	Eprint = {arXiv:1612.02581},
}