@book {genfology,
    AUTHOR = {Wilf, Herbert S.},
     TITLE = {generatingfunctionology},
   EDITION = {Third},
 PUBLISHER = {A K Peters, Ltd., Wellesley, MA},
      YEAR = {2006},
     PAGES = {x+245},
      ISBN = {978-1-56881-279-3; 1-56881-279-5},
   MRCLASS = {05A15 (05-02 33D15 33F10)},
  MRNUMBER = {2172781},
}
@book {eis,
	AUTHOR = {Eisenbud, David},
	TITLE = {Commutative algebra},
	SERIES = {Graduate Texts in Mathematics},
	VOLUME = {150},
	NOTE = {With a view toward algebraic geometry},
	PUBLISHER = {Springer-Verlag, New York},
	YEAR = {1995},
	PAGES = {xvi+785},
	ISBN = {0-387-94268-8; 0-387-94269-6},
	MRCLASS = {13-01 (14A05)},
	MRNUMBER = {1322960},
	MRREVIEWER = {Matthew Miller},
	URL = {https://doi.org/10.1007/978-1-4612-5350-1},
}
@book {dumfo,
	AUTHOR = {Dummit, David S. and Foote, Richard M.},
	TITLE = {Abstract algebra},
	EDITION = {Third},
	PUBLISHER = {John Wiley \& Sons, Inc., Hoboken, NJ},
	YEAR = {2004},
	PAGES = {xii+932},
	ISBN = {0-471-43334-9},
	MRCLASS = {00-01 (16-01 20-01)},
	MRNUMBER = {2286236},
}