@book {rot,
    AUTHOR = {Rotman, Joseph J.},
     TITLE = {Advanced modern algebra},
 PUBLISHER = {Prentice Hall, Inc., Upper Saddle River, NJ},
      YEAR = {2002}}