@ARTICLE{WiFo45,
   author = {{Fomin}, S. and {Williams}, L. and {Zelevinsky}, A.},
    title = "{Introduction to Cluster Algebras. Chapters 4-5}",
  journal = {ArXiv e-prints},
archivePrefix = "arXiv",
   eprint = {1707.07190},
 primaryClass = "math.CO",
 keywords = {Mathematics - Combinatorics, Mathematics - Rings and Algebras, Mathematics - Representation Theory, 13F60},
     year = 2017,
    month = jul,
   adsurl = {http://adsabs.harvard.edu/abs/2017arXiv170707190F},
  adsnote = {Provided by the SAO/NASA Astrophysics Data System}
}
@ARTICLE{WiFo13,
	author = {{Fomin}, S. and {Williams}, L. and {Zelevinsky}, A.},
	title = "{Introduction to Cluster Algebras. Chapters 1-3}",
	journal = {ArXiv e-prints},
	archivePrefix = "arXiv",
	eprint = {1608.05735},
	primaryClass = "math.CO",
	keywords = {Mathematics - Combinatorics, Mathematics - Rings and Algebras, Mathematics - Representation Theory, 13F60},
	year = 2016,
	month = aug,
	adsurl = {http://adsabs.harvard.edu/abs/2016arXiv160805735F},
	adsnote = {Provided by the SAO/NASA Astrophysics Data System}
}
@article {WiSp05,
	AUTHOR = {Speyer, David and Williams, Lauren},
	TITLE = {The tropical totally positive {G}rassmannian},
	JOURNAL = {J. Algebraic Combin.},
	FJOURNAL = {Journal of Algebraic Combinatorics. An International Journal},
	VOLUME = {22},
	YEAR = {2005},
	NUMBER = {2},
	PAGES = {189--210},
	ISSN = {0925-9899},
	MRCLASS = {14P99 (05E25 14M15)},
	MRNUMBER = {2164397},
	MRREVIEWER = {Meirav Topol-Amram},
	DOI = {10.1007/s10801-005-2513-3},
	URL = {http://dx.doi.org/10.1007/s10801-005-2513-3},
}
@article {BCL16,
	AUTHOR = {Brodsky, Sarah B. and Ceballos, Cesar and Labb\'e,
	Jean-Philippe},
	TITLE = {Cluster algebras of type {$D_4$}, tropical planes, and the
	positive tropical {G}rassmannian},
	JOURNAL = {Beitr. Algebra Geom.},
	FJOURNAL = {Beitr\"age zur Algebra und Geometrie. Contributions to Algebra
	and Geometry},
	VOLUME = {58},
	YEAR = {2017},
	NUMBER = {1},
	PAGES = {25--46},
	ISSN = {0138-4821},
	MRCLASS = {13F60 (14N10 14T05)},
	MRNUMBER = {3607668},
	MRREVIEWER = {Jianrong Li},
	DOI = {10.1007/s13366-016-0316-4},
	URL = {http://dx.doi.org/10.1007/s13366-016-0316-4},
}
@book {MaSt15,
	AUTHOR = {Maclagan, Diane and Sturmfels, Bernd},
	TITLE = {Introduction to tropical geometry},
	SERIES = {Graduate Studies in Mathematics},
	VOLUME = {161},
	PUBLISHER = {American Mathematical Society, Providence, RI},
	YEAR = {2015},
	PAGES = {xii+363},
	ISBN = {978-0-8218-5198-2}}
@article {He09,
	AUTHOR = {Herrmann, Sven and Jensen, Anders and Joswig, Michael and
	Sturmfels, Bernd},
	TITLE = {How to draw tropical planes},
	JOURNAL = {Electron. J. Combin.},
	FJOURNAL = {Electronic Journal of Combinatorics},
	VOLUME = {16},
	YEAR = {2009},
	NUMBER = {2, Special volume in honor of Anders Bj\"orner},
	PAGES = {Research Paper 6, 26},
	ISSN = {1077-8926},
	MRCLASS = {52B40 (05C62 14T05)},
	MRNUMBER = {2515769},
	MRREVIEWER = {Joaquim Ro\'e},
	URL = {http://www.combinatorics.org/Volume_16/Abstracts/v16i2r6.html},
}
