@book{at,
  title={Algebraic Topology},
  author={Hatcher, A.},
  isbn={9780521795401},
  lccn={00065166},
  series={Algebraic Topology},
  year={2002},
  publisher={Cambridge University Press}
}
@book {ma,
AUTHOR = {Massey, William S.},
TITLE = {A basic course in algebraic topology},
SERIES = {Graduate Texts in Mathematics},
VOLUME = {127},
PUBLISHER = {Springer-Verlag, New York},
YEAR = {1991},
PAGES = {xvi+428},
ISBN = {0-387-97430-X}
}