@book {genfology,
    AUTHOR = {Wilf, Herbert S.},
     TITLE = {generatingfunctionology},
   EDITION = {Third},
 PUBLISHER = {A K Peters, Ltd., Wellesley, MA},
      YEAR = {2006},
     PAGES = {x+245},
      ISBN = {978-1-56881-279-3; 1-56881-279-5},
   MRCLASS = {05A15 (05-02 33D15 33F10)},
  MRNUMBER = {2172781},
}